<?xml version="1.0" encoding="UTF-8"?><collection><record><leader>07934ntm a2200625 a 4500</leader><controlfield tag="001">006813659</controlfield><controlfield tag="003">MiAaHDL</controlfield><controlfield tag="005">20190719000000.0</controlfield><controlfield tag="006">m        d        </controlfield><controlfield tag="007">cr bn ---auaua</controlfield><controlfield tag="008">090606s1778    xx            00| ||ara d</controlfield><datafield tag="035" ind1=" " ind2=" "><subfield code="a">(MiU)006813659</subfield></datafield><datafield tag="035" ind1=" " ind2=" "><subfield code="a">sdr-miu006813659</subfield></datafield><datafield tag="040" ind1=" " ind2=" "><subfield code="a">MiU</subfield><subfield code="c">MiU</subfield><subfield code="e">amremm</subfield></datafield><datafield tag="043" ind1=" " ind2=" "><subfield code="a">n-us-mi</subfield></datafield><datafield tag="100" ind1="1" ind2=" "><subfield code="6">880-01</subfield><subfield code="a">Taftāzānī, Masʻūd ibn ʻUmar,</subfield><subfield code="d">1322-1389?</subfield></datafield><datafield tag="240" ind1="1" ind2="0"><subfield code="6">880-02</subfield><subfield code="a">Mukhtaṣar al-ma‘ānī</subfield></datafield><datafield tag="245" ind1="1" ind2="0"><subfield code="6">880-03</subfield><subfield code="a">Kitāb al-Mukhtaṣar fī ‘ilm al-ma‘ānī wa-al-bayān,</subfield><subfield code="f">[1191, i.e. 1778].</subfield></datafield><datafield tag="260" ind1=" " ind2=" "><subfield code="c">[1778].</subfield></datafield><datafield tag="300" ind1=" " ind2=" "><subfield code="a">267 leaves :</subfield><subfield code="b">paper ;</subfield><subfield code="c">218 x 170 (140 x 75) mm.</subfield></datafield><datafield tag="500" ind1=" " ind2=" "><subfield code="a">Shelfmark: Ann Arbor, University of Michigan, Special Collections Library, Isl. Ms. 633</subfield></datafield><datafield tag="500" ind1=" " ind2=" "><subfield code="a">Origin: As appears in colophon on p.531, latter portion (from around p.471) copied by Ismāʻīl ibn ʻAbd al-Munʻim ibn Muḥammad ibn ʻAlwān al-Ḥimṣī al-Shāfiʻī, for his shaykh Yāsīn al-Sibāʻī whose father Muṣṭafá al-Sibāʻī copied the opening portion (opening to around p.470) with transcription completed 16 Dhu al-Hijjah 1191 [ca. 15 January 1778].</subfield></datafield><datafield tag="500" ind1=" " ind2=" "><subfield code="a">Accompanying materials: a. Two inventory cataloguing slips in hand of Winifred Smeaton Thomas -- b. Acquisitions slip from Yahuda.</subfield></datafield><datafield tag="500" ind1=" " ind2=" "><subfield code="a">Former shelfmark: From inner front cover and spine label, "IL 328" (likely supplied by Yahuda, see acquisitions slip).</subfield></datafield><datafield tag="500" ind1=" " ind2=" "><subfield code="a">Binding: Pasteboards covered in yellow laid paper with light brown leather over spine and fore edge flap ; Type II binding (with flap) ; board linings in untinted laid paper ; sewing now gone, though two stations visible, many bifolia now split ; overall in poor condition with significant staining, abrasion, lifting and losses of leather and paper at spine and upper board, flap far too small and now deformed, etc. ; ill-fitting and likely never attached to this texblock, serves simply as wrapper ; housed in box for protection.</subfield></datafield><datafield tag="500" ind1=" " ind2=" "><subfield code="a">Support: European laid paper of at least two types ; opening type with 12-13 laid lines per cm. (vertical), chain lines spaced 22-24 mm. apart (horizontal), and watermarks including crown with grapes (raisin) above and name below (see p.10, 11, 128, 129, etc.) and other names (see p.8, 13, 159), medium cream to beige in color, thin though sturdy, well-burnished to glossy ; another type with 10 laid lines per cm. (vertical), chain lines spaced 21-23 mm. apart (horizontal), and watermarks of grapes (raisin) with crown above and name below and other names, etc. (e.g. "A FAVGERE" and "LANGUEDOC," see p.412, 414, 417, etc.), slightly thicker and denser, well-burnished.</subfield></datafield><datafield tag="500" ind1=" " ind2=" "><subfield code="a">Decoration: Keywords and text being commented upon (matn Talkhīs al-Miftāḥ) rubricated ; textual dividers in the form of red discs ; written area of first six quires (through p.118) surrounded by red rule-border.</subfield></datafield><datafield tag="500" ind1=" " ind2=" "><subfield code="a">Script: Naskh ; two main, clear 'Syrian' hands ; opening hand virtually serifless, with effect of tilt to the left, rounded with curvilinear descenders, rightward descenders tapered, pointing in strokes rather than distinct dots, kāf mashqūqah preferred (even final kāf) ; hand changes around p.471, extensively seriffed with right-sloping head-serifs, pointing in distinct dots, adheres closely to baseline, only occasional very slight effect of tilt to the left.</subfield></datafield><datafield tag="500" ind1=" " ind2=" "><subfield code="a">Layout: Written in 17 lines per page ; frame-ruled.</subfield></datafield><datafield tag="500" ind1=" " ind2=" "><subfield code="a">Collation: 12 V(120), VI (132), 7 V(202), VI (214), V (224), IV (232), 3 V(262), III-1 (267) ; chiefly quinions ; quire numbering (signatures) in the form of full words on recto of first leaf of each quire beginning with the first ; catchwords present ; pagination in pencil, Western numerals, supplied during digitization (mistakenly skips two pages between pp.29-30).</subfield></datafield><datafield tag="500" ind1=" " ind2=" "><subfield code="a">Colophon: "Scribal," triangular, reads "وكان الفراغ من هذه النسخة نهار الخميس المبارك لسادس عشر يوم خلت من شهر ذي الحجة الحرام الذي هو من شهور سنة احدى وتسعين ومائة والف من الهجرة النبوية على صاحبها افضل الصلاة والتسليم تم على يد العبد الفقير الذليل المحتاج الى عفو ربه الغني الجليل عبده اسمعيل بن عبد المنعم بن محمد بن علوان الحمصي بلدا الشافعي مذهبا غفر الله له وذلك من اجل شيخه واستاذه الشيخ يس السباعي الذي اول الكتاب من خط والده مصطفى ابي السعود السباعي غفر الله له ولكل المسلمين آمين تم"</subfield></datafield><datafield tag="500" ind1=" " ind2=" "><subfield code="a">Explicit: "مشتملة على لفظ الفاتحة ومنطوية على حسن الخاتمة ختم الله لنا بالحسنى ويسر لنا الفوز بالذخرى الاسنى بحق النبي واله الاكرمين محمد واله اجمعين"</subfield></datafield><datafield tag="500" ind1=" " ind2=" "><subfield code="a">Incipit: "نحمدك يا من شرح صدورنا لتلخيص البيان في ايضاح المعاني ونور قلوبنا بلوامع البيان من مطالع المثاني ... وبعد فيقول المفنقر الى الله الغني مسعود بن عمر المدعو بسعد التفتازاني ... قد شرحت فيما مضى تلخيص المفتاح"</subfield></datafield><datafield tag="500" ind1=" " ind2=" "><subfield code="a">Title from inscription on 'title page' (p.1).</subfield></datafield><datafield tag="500" ind1=" " ind2=" "><subfield code="a">Ms. codex.</subfield></datafield><datafield tag="510" ind1="4" ind2=" "><subfield code="a">Ḥājjī Khalīfah. Kashf al-ẓunūn,</subfield><subfield code="c">ii 404</subfield></datafield><datafield tag="510" ind1="4" ind2=" "><subfield code="a">Brockelmann, C. GAL,</subfield><subfield code="c">II 215 ; I 295 ; S I 518 ; S II 304</subfield></datafield><datafield tag="520" ind1="8" ind2=" "><subfield code="a">Fine copy of the shorter commentary of al-Taftāzānī upon Talkhīṣ al-Miftāḥ by Jalāl al-Dīn al-Qazwīnī (d.1338), an abridgment of the third part of Miftāḥ al-ʻulūm by al-Sakkākī (d.1229), on rhetoric (ʻilm al-maʻānī wa-al-bayān).</subfield></datafield><datafield tag="538" ind1=" " ind2=" "><subfield code="a">Mode of access: Internet.</subfield></datafield><datafield tag="541" ind1=" " ind2=" "><subfield code="a">Acquired in 1926 from the bookseller Isaac Benjamin S.E. Yahuda via purchase transacted on his behalf by Abraham Shalom Yahuda (1877-1951), his younger brother.</subfield></datafield><datafield tag="546" ind1=" " ind2=" "><subfield code="a">Arabic.</subfield></datafield><datafield tag="561" ind1=" " ind2=" "><subfield code="a">On 'title page' (p.1) ownership statement in name of copyist of the opening section (and father of the shaykh of the copyist of the latter section), Muṣṭafá ibn ʻAbd al-Fattāḥ ibn Muḥammad ibn Yaḥyá ibn Muḥammad ibn ʻAbd al-Jalīl al-Sibāʻī al-Shāfiʻī [?] reads "من كتب كاتبه ... حقير عبيده مصطفى بن عبد الفتاح بن محمد بن يحيى بن محمد بن عبد الجليل السباعي الشافعي [؟] غفر الله له ولهم ولمن دعا لهم بالمغفرة امين" ; extensive marginal and interlinear glosses and corrections.</subfield></datafield><datafield tag="600" ind1="1" ind2="0"><subfield code="a">Qazwīnī, Jalāl al-Dīn Muḥammad ibn ʻAbd al-Raḥmān,</subfield><subfield code="d">1267 or 8-1338.</subfield><subfield code="t">Talkhīṣ al-miftāḥ.</subfield></datafield><datafield tag="650" ind1=" " ind2="0"><subfield code="a">Manuscripts, Arabic</subfield><subfield code="z">Michigan</subfield><subfield code="z">Ann Arbor.</subfield></datafield><datafield tag="650" ind1=" " ind2="0"><subfield code="a">Arabic language</subfield><subfield code="x">Rhetoric</subfield><subfield code="v">Early works to 1800.</subfield></datafield><datafield tag="700" ind1="1" ind2=" "><subfield code="6">880-06</subfield><subfield code="a">Sakkākī, Yūsuf ibn Abī Bakr,</subfield><subfield code="d">1160-1229.</subfield><subfield code="t">Miftāḥ al-ʻulūm.</subfield><subfield code="n">Qism 3.</subfield></datafield><datafield tag="700" ind1="1" ind2=" "><subfield code="6">880-05</subfield><subfield code="a">Sibāʻī , Muṣṭafá ibn ʻAbd al-Fattāḥ,</subfield><subfield code="e">copyist,</subfield><subfield code="e">former owner.</subfield></datafield><datafield tag="700" ind1="1" ind2=" "><subfield code="6">880-04</subfield><subfield code="a">Ḥimṣī, Ismā‘īl ibn ‘Abd al-Mun‘im,</subfield><subfield code="d">fl. 1778,</subfield><subfield code="e">scribe.</subfield></datafield><datafield tag="773" ind1="0" ind2=" "><subfield code="a">Yahuda Collection.</subfield></datafield><datafield tag="880" ind1="1" ind2=" "><subfield code="6">700-06/</subfield><subfield code="a">سكاكي، يوسف بن ابي بكر.</subfield><subfield code="t">مفتاح العلوم.</subfield><subfield code="n">قسم 3.</subfield></datafield><datafield tag="880" ind1="1" ind2=" "><subfield code="6">700-05/</subfield><subfield code="a">سباعي، مصطفى بن عبد الفتاح،</subfield><subfield code="e">ناسخ،</subfield><subfield code="e">مالك سابق.</subfield></datafield><datafield tag="880" ind1="1" ind2=" "><subfield code="6">700-04/</subfield><subfield code="a">حمصي، اسماعيل بن عبد النعم،</subfield><subfield code="e">ناسخ.</subfield></datafield><datafield tag="880" ind1="1" ind2="0"><subfield code="6">245-03/</subfield><subfield code="a">كتاب المختصر في علم المعاني والبيان,</subfield><subfield code="f">[1191ه، 1778م].</subfield></datafield><datafield tag="880" ind1="1" ind2="0"><subfield code="6">240-02/</subfield><subfield code="a">مختصر المعاني</subfield></datafield><datafield tag="880" ind1="1" ind2=" "><subfield code="6">100-01/</subfield><subfield code="a">تفتازاني، مسعود بن عمر.</subfield></datafield><datafield tag="CID" ind1=" " ind2=" "><subfield code="a">006813659</subfield></datafield><datafield tag="DAT" ind1="0" ind2=" "><subfield code="a">20190719102638.0</subfield><subfield code="b">20190719000000.0</subfield></datafield><datafield tag="DAT" ind1="1" ind2=" "><subfield code="a">20190719090653.0</subfield><subfield code="b">2019-07-19T16:12:01Z</subfield></datafield><datafield tag="DAT" ind1="2" ind2=" "><subfield code="a">2015-10-02T18:00:03Z</subfield></datafield><datafield tag="CAT" ind1=" " ind2=" "><subfield code="a">SDR-MIU</subfield><subfield code="d">EX LIBRIS - ALEPH</subfield><subfield code="l">prepare.pl-004-008</subfield></datafield><datafield tag="FMT" ind1=" " ind2=" "><subfield code="a">BK</subfield></datafield><datafield tag="HOL" ind1=" " ind2=" "><subfield code="0">sdr-miu006813659</subfield><subfield code="a">MiU</subfield><subfield code="b">SDR</subfield><subfield code="c">MIU</subfield><subfield code="p">mdp.39015079128479</subfield><subfield code="s">MIU</subfield><subfield code="1">006813659</subfield></datafield><datafield tag="974" ind1=" " ind2=" "><subfield code="b">MIU</subfield><subfield code="c">MIU</subfield><subfield code="d">20190719</subfield><subfield code="s">lit-dlps-dc</subfield><subfield code="u">mdp.39015079128479</subfield><subfield code="y">1778</subfield><subfield code="r">pd</subfield><subfield code="q">bib</subfield><subfield code="t">non-US bib date1 &lt; 1896</subfield></datafield></record></collection>